@article{
  cloud-Platform-for-ICT-Security-Governance,
  author={M. {Anisetti} and C. A. {Ardagna} and F. {Gaudenzi} and E. {Damiani} and N. {Diomede} and P. {Tufarolo}},
  booktitle={2018 IEEE Global Communications Conference (GLOBECOM)},
  title={Moon Cloud: A Cloud Platform for ICT Security Governance},
  year={2018},
  volume={},
  number={},
  pages={1-7},
  keywords={cloud computing;Internet of Things;
    security of data;cloud platform;
    malicious attacks;ICT security governance;
    concrete security assessment;private cloud systems;public cloud systems;
    customizable assurance;Cloud PaaS solution;Moon Cloud;
    system robustness;continuous assurance process;ICT systems;
    security solutions;Europe;cybersecurity;Security;
    Moon;
    Cloud computing;
    Probes;
    Monitoring;
    Standards;
    Companies},
  doi={10.1109/GLOCOM.2018.8647247},
  ISSN={},
  month={Dec}
  }
@article{
  mooncloud-semi-automatic-and-trustworthy,
  author = {Anisetti, M. and Ardagna, C. A. and Damiani, E. and Gaudenzi, F.},
  title = {A semi-automatic and trustworthy scheme for continuous cloud service certification},
  year = {2017},
  journal = {IEEE TRANSACTIONS ON SERVICES COMPUTING},
  keywords = {Assurance; Certification; Cloud; Testing},
  doi = {10.1109/TSC.2017.2657505}
}
@misc{
  python-documentation,
  title = {Python 3.7 documentation},
  year="2019",
  note = {\url{https://docs.python.org/3.7/}},
  key = {python programming language}}
}
@misc{
  mdn-django-documentation,
  title = {MDN Django documentation},
  year="2019",
  note = {\url{https://developer.mozilla.org/it/docs/Learn/Server-side/Django/}},
  key = {MDN Django web framework python developer}}
}
@misc{
  django-documentation,
  title = {Django documentation},
  year="2019",
  note = {\url{https://docs.djangoproject.com/en/2.2/}},
  key = {Django web framework python developer}}
}
@inproceedings{
  model-based-approach-for-collaborative-filtering,
  author = {Do, Minh-Phung and Nguyen, Dung and of Loc Nguyen, Academic Network},
  year = {2010},
  month = {08},
  pages = {},
  title = {Model-based approach for Collaborative Filtering}
}
@article{
  item-based-collaborative-filtering,
  author = {Sarwar, Badrul and Karypis, George and Konstan, Joseph and Riedl, John},
  title = {Item-based Collaborative Filtering Recommendation Algorithms},
  booktitle = {Proceedings of the 10th International Conference on World Wide Web},
  series = {WWW '01},
  year = {2001},
  isbn = {1-58113-348-0},
  location = {Hong Kong, Hong Kong},
  pages = {285--295},
  numpages = {11},
  url = {http://doi.acm.org/10.1145/371920.372071},
  doi = {10.1145/371920.372071},
  acmid = {372071},
  publisher = {ACM},
  address = {New York, NY, USA},
} 
@article{
  taxonomy-of-recommender-agents-on-the-internet,
  author="Montaner, Miquel
  and L{\'o}pez, Beatriz
  and de la Rosa, Josep Llu{\'i}s",
  title="A Taxonomy of Recommender Agents on the Internet",
  journal="Artificial Intelligence Review",
  year="2003",
  month="Jun",
  day="01",
  volume="19",
  number="4",
  pages="285--330",
  issn="1573-7462",
  doi="10.1023/A:1022850703159",
  url="https://doi.org/10.1023/A:1022850703159"
}
